
@misc{jones_moore_macdonald_macdonald_buckley_macdonald_2019,
	title={Carbon Price Viewer - Sandbag},
	url={https://sandbag.org.uk/carbon-price-viewer/},
	journal={Sandbag},
	author={Jones, Dave and Moore, Charles and MacDonald, Phil and MacDonald, Phil and Buckley, Tricia and MacDonald, Phil},
	year={2019}
}

@journal{gbnationalgridstatus_2019,
	url={https://www.gridwatch.templar.co.uk/},
	journal={Gridwatch.templar.co.uk},
	year={2019}
}

@misc{nuclear_economics_consulting_group_2019,
	url={https://nuclear-economics.com/nuclear-power-short-run-marginal-cost/},
	journal={Nuclear Economics Consulting Group},
	year={2019},
}

@article{nordpool_20192,
	url={https://www.nordpoolgroup.com/the-power-market/Day-ahead-market/},
	journal={Nordpoolgroup.com},
	year={2019}
}

@article{coalprices, title={Coal Futures Historical Prices}, url={https://www.investing.com/commodities/coal-cme-futures-historical-data}, journal={investing.com}, publisher={Investing}}

@article{gasprices, title={Gas Futures Historical Prices}, url={https://www.investing.com/commodities/coal-cme-futures-historical-data}, journal={investing.com}, publisher={Investing}}

@article{KincheloeStephenC1990TWAC,
	issn = {0003-7087},
	journal = {The Appraisal journal.},
	volume = {58},
	publisher = {American Institute of Real Estate Appraisers},
	number = {1},
	address = {[Chicago]},
	year = {1990},
	title = {The Weighted Average Cost Of Capital - The Correct Discount},
	author = {Kincheloe, Stephen C},
}

@article{Heaps2016,
	title={Long-range Energy Alternatives Planning (LEAP) system},
	author = {Heaps, C.G.}
	year = {2016}
	address = {Stockholm Environment Institute. Somerville, M A, USA}
}

@book{Law:603360,
	author        = "Law, Averill M and Kelton, David W",
	title         = "{Simulation modeling and analysis; 3rd ed.}",
	publisher     = "McGraw-Hill",
	address       = "New York, NY",
	series        = "McGraw Hill Series in Industrial Engineering and
	Management Science",
	year          = "2000",
	url           = "http://cds.cern.ch/record/603360",
}


@article{nordpool_2019,
	author = {"Nord Pool Group"},
	title = {"N2EX Day Ahead Auction Prices"}
	url={https://www.nordpoolgroup.com/Market-data1/GB/Auction-prices/UK/Hourly/?view=table},
	journal={Nordpoolgroup.com},
	year={2019}
}

@article{ARIMA,
	author = {"Norbert Wiener et al."},
	title = {"Autoregressive integrated moving average"},
	year = {1930}}